@book{pettifor-production-of-money,
        author = {Ann Pettifor},
        title = {The Production of Money - How to Break the Power of Bankers},
        date = {2017},
        publisher = {Verso},
        OPTlocation = {},
 note         = {}
}


@book{graeber-debt,
        author = {David Graeber},
        title = {Debt: The First 5,000 Years},
        date = {2011},
        publisher = {Melville House},
        location = {Brooklyn},
 note         = {}
}


@book{smith-moral,
        author = {Adam Smith},
        title = {The Theory of Moral Sentiments},
        date = {1759},   
edition = {2000},
        publisher = {Prometheus Books},
        location = {New York},
 note         = {}
}


@book{smith-wealth,
        author = {Adam Smith},
        title = {The Wealth of Nations},
        date = {1766}, 
edition = {1976},
        publisher = {The University of Chicago Press},
        location = {Chicago},
         note         = {}
}






@article{khan-oxfam-governance,
        author = {Mishal Khan},
        title = {Oxfam: sex scandal or governance failure?},
        journaltitle = {The Lancet},
        date = {2018},
        volume = {391},
        number = {10125},
        month = {02},
        Day = {23},
        pages = {1019-1020},
}


@book{mason-post-capitalism,
        author = {Paul Mason},
        title = {Post Capitalism},
        date = {},
        OPTpublisher = {},
        OPTlocation = {},
 note         = {}
}


@misc{brown-bbaequity,
        author = {Jim Brown},
        ALTeditor = {},
        title = {},
        date = {},
        url = {},
        OPTurldate = {},
}


@book{bauwens-peer-to-peer,
        author = {Alex Pazaitis and Michel Bauwens and Vasilis Kostakis},
        title = {Peer to Peer: The Commons Manifesto},
        date = {2019},
        publisher = {University of Westminster Press},
        OPTlocation = {},
}






@book{ostrom-governing,
        author = {Elinor Ostrom},
        title = {Governing the        Commons: The Evolution of Institutions for Collective Action},
        date = {1990},
        publisher = {Cambridge University Press},
        OPTlocation = {Cambridge, UK},
}


@article{hardin-tragedy,
        author = {G. Hardin},
        title = {The Tragedy of the Commons},
        journaltitle = {Nature},
        date = {1968},
        volume = {162},
        number = {},
        month = {},
        pages = {1243-1248},
}


@book{rifkin-zero-mc,
        author = {Jeremy Rifkin},
        title = {The Zero Marginal Cost Society},
        date = {2014},
        publisher = {Palgrave Macmillan},
        location = {New York},
}


@book{shlain-art-and-physics,
        author = {Leonard Shlain},
        title = {Art and Physics: Parallel Visions in Space, Time, and Light},
        date = {1990},
        publisher = {Perennial},
        location = {New York},
}


@book{stout-shareholder,
        author = {Lynn Stout},
        title = {The Shareholder Value Myth},
        date = {2012},
        publisher = {Berrett-Koehler},
        location = {San Francisco},
}


@book{newton-principia,
        author = {Issac Newton},
        title = {The Principia},
        date = {1995},
        publisher = {Prometheus},
        location = {New York},
}
@book{earl-econocracy,
        author = {Joe Earl and Cahal Moran and Zach Ward-Perkins},
        title = {The Econocracy: The Perils of Leaving the Economy to the Experts},
        date = {2017},
        publisher = {University of Manchester},
        location = {Manchester, UK},
}


@book{rifkin-end-of-work,
        author = {Jeremy Rifkin},
        title = {The End of Work: The Decline of the Global Labor Force and the Dawn of the Post-Market Era},
        date = {1995},
        publisher = {Putnam},
        location = {New York},
}


@book{birch-business-and-society,
        author = {K. Birch and M. Peacock and R.Wellen and C.S. Hossein and Scott, S. and A. Salazar},
        title = {Business and Society: A Critical Introduction},
        date = {2017},
        publisher = {Zed Books},
        location = {London},
}


@book{vant-institutions,
        author = {A. Vant},
        title = {Institutions and the Environment},
        date = {2005},
        publisher = {Edward Elgar},
        location = {Cheltenham, UK},
}


@book{locke-two-treatises,
        author = {John Locke},
        title = {Two Treatises on Government},
        date = {1988},
        publisher = {Cambridge University Press},
        location = {Cambridge, UK},
}




@book{capra-tao,
        author = {Fritjof Capra},
        title = {The Tao of Physics},
        date = {1975},
        publisher = {Shambhala Publications},
        location = {Boulder,Colorado},
}


@book{schumpeter-capitalism,
        author = {Joseph Schumpeter},
        title = {Capitalism, Socialism, Democracy},
        date = {1942},
        publisher = {Routledge},
        location = {London},
}


@book{standing-precariat,
        author = {Guy Standing},
        title = {The Precariat: The New Dangerous Class},
        date = {2011},
        publisher = {Bloomsbury Academic},
        location = {London},
}


@book{standing-basic-income,
        author = {Guy Standing},
        title = {Basic Income: And How We Can Make it Happen},
        date = {2017},
        publisher = {Pelican Books},
        location = {London},
}




@book{wced-sustainability,
        author = {World Commission on Environment and Development},  
        title = {Our Common Future},
        date = {1987},
url = {},
        publisher = {Oxford University Press},
        location = {Oxford, UK},
}


@article{barry-game-theory,
author = {Jordan M. Barry and John William Hartfield and Scott Duke Kominers},
title = {On Derivatives Markets and Social Welfare: A Theory of Empty Voting and Hidden Ownership},
journaltitle = {Virginia Law Review},
date = {2013},
volume = {99},
number = {1103},
month = {},
pages = {},
OPTpublisher = {},
OPTlocation = {},
}




@book{diamond-collapse,
        author = {Jared Diamond},
        title = {Collapse: How Societies Choose to Fail or Succeed},
        date = {2005},
        publisher = {Penguin},
        location = {New York},
}






@book{george-progress,
        author = {Henry George},
        title = {Progress and Poverty},
        date = {1948},
        publisher = {Robert Schalkenbach Foundation},
        location = {New York},
}






@book{antliff-leighten-cubism-culture,
        author = {Mark Antliff and Patricia Leighten},
        title = {Cubism and Culture},
        date = {2001},
        publisher = {Thames and Hudson},
        location = {New York},
}


@book{boorse-motz-world-of-atom,
        author = {Henry Boorse and Lloyd Motz},
        title = {The World of the Atom},
        date = {1966},
        publisher = {Basic Books},
        location = {London},
}


@book{gardner-creating-minds,
        author = {Howard Gardner},
        title = {Creating Minds},
        date = {1993},
        publisher = {Basic Books},
        location = {New York},
}
 




@book{landes-wealth-and-poverty,
        author = {David Landes},
        title = {Wealth and Poverty},
        date = {1999},
        publisher = {W.W. Norton},
        location = {New York},
}


 
@book{mason-postcapitalism,
        author = {Paul Mason},
        title = {Postcapitalism: A Guide to Our Future},
        date = {2017},
        publisher = {Farrar, Straus and Giroux},
        location = {New York},
}


@book{khanna-connectography,
        author = {Khanna, P.},
        title = {Connectography: Mapping the Future of Global Civilization},
        date = {2016},
        publisher = {Random House},
        location = {New York},
}




@article{townsend-desperate,
        author = {Mark Townsend},
        title = {How a Desperate Dearth of Analysis Let the London Attackers Through},
        journaltitle = {The Observer},
        date = {2017},
        volume = {},
        number = {},
        month = {06},
        pages = {16-17},
 note         = {}
}